[gd_scene load_steps=8 format=2]

[ext_resource path="res://screens/Gameover.gd" type="Script" id=1]
[ext_resource path="res://addons/nframework/autoloads/Transition.tscn" type="PackedScene" id=2]
[ext_resource path="res://assets/RubikMonoOneRegular-6pqq.ttf" type="DynamicFontData" id=3]

[sub_resource type="DynamicFont" id=1]
size = 28
extra_spacing_char = 20
font_data = ExtResource( 3 )

[sub_resource type="DynamicFont" id=2]
size = 18
extra_spacing_char = 5
font_data = ExtResource( 3 )

[sub_resource type="DynamicFont" id=3]
size = 18
extra_spacing_char = 5
font_data = ExtResource( 3 )

[sub_resource type="DynamicFont" id=4]
size = 20
extra_spacing_char = 5
font_data = ExtResource( 3 )

[node name="Gameover" type="Control"]
anchor_right = 1.0
anchor_bottom = 1.0
script = ExtResource( 1 )
__meta__ = {
"_edit_use_anchors_": false
}

[node name="CenterContainer" type="CenterContainer" parent="."]
anchor_right = 1.0
anchor_bottom = 1.0
__meta__ = {
"_edit_use_anchors_": false
}

[node name="VBoxContainer" type="VBoxContainer" parent="CenterContainer"]
margin_left = 226.0
margin_top = 252.0
margin_right = 734.0
margin_bottom = 288.0

[node name="Gameover" type="Label" parent="CenterContainer/VBoxContainer"]
margin_right = 508.0
margin_bottom = 36.0
custom_fonts/font = SubResource( 1 )
text = "GAMEOVER MAN"
align = 1

[node name="Stuck" type="Label" parent="CenterContainer/VBoxContainer"]
visible = false
margin_top = 40.0
margin_right = 375.0
margin_bottom = 63.0
custom_fonts/font = SubResource( 2 )
text = "STUCK IN THE GROUND"
align = 1

[node name="Crashed" type="Label" parent="CenterContainer/VBoxContainer"]
visible = false
margin_top = 40.0
margin_right = 375.0
margin_bottom = 63.0
custom_fonts/font = SubResource( 3 )
text = "CRASHED INTO THINGS"
align = 1

[node name="Continue" type="Label" parent="."]
anchor_top = 0.95
anchor_right = 1.0
anchor_bottom = 0.95
margin_top = -26.0
custom_fonts/font = SubResource( 4 )
text = "Press SPACE to restart"
align = 1
__meta__ = {
"_edit_use_anchors_": false
}

[node name="Transition" parent="." instance=ExtResource( 2 )]
DURATION = 0.2
FADE_OUT_ALPHA = 0.5

[node name="FlashText" type="Timer" parent="."]
wait_time = 0.5
autostart = true

[connection signal="visibility_changed" from="." to="." method="_on_Gameover_visibility_changed"]
[connection signal="timeout" from="FlashText" to="." method="_on_FlashText_timeout"]
